@article{journal,
  title     = {Benchmarking cell-type clustering methods for spatially resolved transcriptomics data},
  author    = {Cheng, Andrew and Hu, Guanyu and Li, Wei Vivian},
  journal   = {Briefings in Bioinformatics},
  volume    = {24},
  number    = {1},
  pages     = {bbac475},
  year      = {2023},
  publisher = {Oxford University Press}
}

@inproceedings{inproceedings,
  title     = {Computing communities in large networks using random walks},
  author    = {Pons, Pascal and Latapy, Matthieu},
  booktitle = {International Symposium on Computer and Information Sciences},
  pages     = {284--293},
  year      = {2005}
}

@book{book,
  title     = {机器学习},
  publisher = {清华大学出版社},
  year      = {2016},
  author    = {周志华},
  address   = {北京}
}